<?xml version="1.0" encoding="UTF-8"?><record xmlns="http://www.loc.gov/MARC21/slim" xmlns:cinclude="http://apache.org/cocoon/include/1.0" xmlns:zs="http://www.loc.gov/zing/srw/">
  <leader>00447cz  a2200145n  4500</leader>
  <controlfield tag="001">n  81117853 </controlfield>
  <controlfield tag="003">DLC</controlfield>
  <controlfield tag="005">20090118080933.0</controlfield>
  <controlfield tag="008">811020n| acannaabn          |a aaa      </controlfield>
  <datafield tag="010" ind1=" " ind2=" ">
    <subfield code="a">n  81117853 </subfield>
  </datafield>
  <datafield tag="035" ind1=" " ind2=" ">
    <subfield code="a">(OCoLC)oca00662837</subfield>
  </datafield>
  <datafield tag="040" ind1=" " ind2=" ">
    <subfield code="a">DLC</subfield>
    <subfield code="b">eng</subfield>
    <subfield code="c">DLC</subfield>
    <subfield code="d">OCoLC</subfield>
  </datafield>
  <datafield tag="100" ind1="1" ind2=" ">
    <subfield code="a">Parkes, Nancy Randolph</subfield>
  </datafield>
  <datafield tag="400" ind1="1" ind2=" ">
    <subfield code="a">Parkes, Nancy R.</subfield>
    <subfield code="q">(Nancy Randolph)</subfield>
  </datafield>
  <datafield tag="670" ind1=" " ind2=" ">
    <subfield code="a">Winston County and its people, c1980 (a.e.)</subfield>
    <subfield code="b">t.p. (Nancy Randolph Parkes; Nancy R. Parkes)</subfield>
  </datafield>
</record>